<?xml version="1.0" encoding="UTF-8"?><record xmlns="http://www.loc.gov/MARC21/slim" xmlns:cinclude="http://apache.org/cocoon/include/1.0" xmlns:zs="http://www.loc.gov/zing/srw/">
  <leader>00834cz  a2200217n  4500</leader>
  <controlfield tag="001">n  82128699 </controlfield>
  <controlfield tag="003">DLC</controlfield>
  <controlfield tag="005">20090107082803.0</controlfield>
  <controlfield tag="008">820921n| acannaabn          |a aaa      </controlfield>
  <datafield tag="010" ind1=" " ind2=" ">
    <subfield code="a">n  82128699 </subfield>
  </datafield>
  <datafield tag="035" ind1=" " ind2=" ">
    <subfield code="a">(OCoLC)oca00824992</subfield>
  </datafield>
  <datafield tag="040" ind1=" " ind2=" ">
    <subfield code="a">DLC</subfield>
    <subfield code="b">eng</subfield>
    <subfield code="c">DLC</subfield>
    <subfield code="d">DLC</subfield>
    <subfield code="d">CU</subfield>
    <subfield code="d">OCoLC</subfield>
    <subfield code="d">CLU</subfield>
    <subfield code="d">OCoLC</subfield>
  </datafield>
  <datafield tag="100" ind1="1" ind2=" ">
    <subfield code="a">Segura, Isabel</subfield>
  </datafield>
  <datafield tag="400" ind1="1" ind2=" ">
    <subfield code="a">Segura, I.</subfield>
    <subfield code="q">(Isabel)</subfield>
  </datafield>
  <datafield tag="400" ind1="1" ind2=" ">
    <subfield code="a">Segura i Soriano, Isabel</subfield>
  </datafield>
  <datafield tag="400" ind1="1" ind2=" ">
    <subfield code="a">Soriano, Isabel Segura i</subfield>
  </datafield>
  <datafield tag="400" ind1="1" ind2=" ">
    <subfield code="a">Segura Soriano, Isabel</subfield>
  </datafield>
  <datafield tag="670" ind1=" " ind2=" ">
    <subfield code="a">Romances de senĚoras, 1981 (a.e.)</subfield>
    <subfield code="b">t.p. (Isabel Segura)</subfield>
  </datafield>
  <datafield tag="670" ind1=" " ind2=" ">
    <subfield code="a">Her Revistes de dones (1846-1935), 1984:</subfield>
    <subfield code="b">t.p. (Isabel Segura) flap (b. Barcelona, 1954) spine (I. Segura)</subfield>
  </datafield>
  <datafield tag="670" ind1=" " ind2=" ">
    <subfield code="a">Literatura de dones, c1988:</subfield>
    <subfield code="b">cover (Isabel Segura) ser. t.p. (Isabel Segura i Soriano)</subfield>
  </datafield>
  <datafield tag="670" ind1=" " ind2=" ">
    <subfield code="a">Dones de Sant MartiĚ, 2002:</subfield>
    <subfield code="b">t.p. (Isable Soriano Segura)</subfield>
  </datafield>
</record>